<record><leader>00000cas a22000007a 4500</leader><controlfield tag="001">13704557</controlfield><controlfield tag="008">860609d19431943utumr ne      0    0eng d</controlfield><datafield ind1=" " ind2=" " tag="010"><subfield code="a">sn 86091491 </subfield></datafield><datafield ind1=" " ind2=" " tag="040"><subfield code="a">UNP</subfield><subfield code="b">eng</subfield><subfield code="c">UNP</subfield><subfield code="d">OCL</subfield><subfield code="d">OCLCQ</subfield></datafield><datafield ind1=" " ind2=" " tag="042"><subfield code="a">msc</subfield></datafield><datafield ind1="0" ind2="4" tag="082"><subfield code="a">051</subfield></datafield><datafield ind1="0" ind2="4" tag="245"><subfield code="a">The Hill Fielder.</subfield></datafield><datafield ind1=" " ind2=" " tag="260"><subfield code="a">Hill Field [Utah :</subfield><subfield code="b">Public Relations Office],</subfield><subfield code="c">1943.</subfield></datafield><datafield ind1=" " ind2=" " tag="300"><subfield code="a">1 v. :</subfield><subfield code="b">ill.</subfield></datafield><datafield ind1=" " ind2=" " tag="310"><subfield code="a">Monthly</subfield></datafield><datafield ind1="0" ind2=" " tag="362"><subfield code="a">Vol. 1, no. 1 (Feb. 1, 1943)-v. 1, no. 3 (Apr. 1, 1943).</subfield></datafield><datafield ind1=" " ind2=" " tag="515"><subfield code="a">Preliminary unnumbered vol. issued in Jan. 1943.</subfield></datafield><datafield ind1=" " ind2=" " tag="550"><subfield code="a">Edited and published by the personnel of Hill Field.</subfield></datafield><datafield ind1="2" ind2=" " tag="710"><subfield code="a">Hill Field (Utah)</subfield></datafield><datafield ind1=" " ind2=" " tag="752"><subfield code="a">United States</subfield><subfield code="b">Utah</subfield><subfield code="c">Weber</subfield><subfield code="d">Hill Field.</subfield></datafield><datafield ind1="0" ind2="0" tag="785"><subfield code="t">Hillfielder</subfield><subfield code="w">(DLC)sn 86091492</subfield><subfield code="w">(OCoLC)13704665</subfield></datafield><datafield ind1="1" ind2=" " tag="029"><subfield code="a">AU@</subfield><subfield code="b">000022256024</subfield></datafield></record>